<?xml version="1.0" encoding="UTF-8"?><collection xmlns="http://www.loc.gov/MARC21/slim"><record><leader>00525nam--2200169-i-4500</leader><controlfield tag="001">000033488</controlfield><controlfield tag="002">20161230</controlfield><controlfield tag="005">20161230201039</controlfield><controlfield tag="008">060222s1000------------r-----000-0-eng-d</controlfield><datafield ind1=" " ind2=" " tag="040"><subfield code="a">IFIN-HH</subfield></datafield><datafield ind1=" " ind2=" " tag="080"><subfield code="a">519.24(075)</subfield></datafield><datafield ind1="1" ind2=" " tag="100"><subfield code="a">Moore, P.G</subfield></datafield><datafield ind1="1" ind2="0" tag="245"><subfield code="a">Principles of statistical techniques. a first course from the beginnings for schools and universities. with many examples</subfield><subfield code="c">P.g. moore</subfield></datafield><datafield ind1=" " ind2=" " tag="260"><subfield code="a">Cambridge</subfield><subfield code="b">At The Univ.Press</subfield><subfield code="c">1958</subfield></datafield><datafield ind1=" " ind2=" " tag="300"><subfield code="a">VIII + 239P</subfield></datafield><datafield ind1=" " ind2=" " tag="852"><subfield code="a">15107</subfield><subfield code="c">519.24</subfield></datafield><datafield ind1=" " ind2=" " tag="CAT"><subfield code="a">Sys</subfield><subfield code="c">20130802</subfield><subfield code="h">105216</subfield></datafield></record></collection>